@book{civitello2007cuisine,
  title={Cuisine and Culture: A History of Food and People},
  author={Civitello, L.},
  isbn={9780470096949},
  url={http://books.google.com.br/books?id=MBRBjBTEBHYC},
  year={2007},
  publisher={John Wiley \& Sons}
}

@misc{Bistromatic,
  title={The Bistromatic Drive},
  author={Douglas Adams},
  url={http://www.fortunecity.co.uk/meltingpot/back/340/story/bistro.html},
  year={1979},
  publisher={Scienceray}
}





